@article{majumder_2013_a,
  author = {Majumder, Anandaprova and Changder, Suvamoy},
  pages = {112-120},
  title = {A Novel Approach for Text Steganography: Generating Text Summary Using Reflection Symmetry},
  doi = {10.1016/j.protcy.2013.12.343},
  volume = {10},
  year = {2013},
  journal = {Procedia Technology}
}

@misc{shiralishahreza_2008_text,
  author = {Shirali-Shahreza, M.},
  month = {02},
  pages = {1912â€“1913},
  title = {Text Steganography by Changing Words Spelling},
  doi = {10.1109/ICACT.2008.4494159},
  url = {https://ieeexplore.ieee.org/abstract/document/4494159},
  urldate = {2021-01-16},
  volume = {3},
  year = {2008},
  organization = {IEEE Xplore}
}

@misc{nosrati_2004_an,
  author = {Nosrati, Masoud and Karimi, Ronak and Hariri, Mehdi},
  title = {An Introduction to Steganography Methods},
  url = {https://www.researchgate.net/profile/Masoud_Nosrati/publication/308646775_An_introduction_to_steganography_methods/links/57f41abc08ae280dd0b73d9f.pdf},
  urldate = {2021-01-16},
  year = {2004}
}